@article{sea-level-rise,
	title = {Sea level rise and its coastal impacts},
	volume = {2},
	issn = {2328-4277, 2328-4277},
	url = {https://onlinelibrary.wiley.com/doi/10.1002/2013EF000188},
	doi = {10.1002/2013EF000188},
	language = {en},
	number = {2},
	urldate = {2022-01-01},
	journal = {Earth's Future},
	author = {Cazenave, Anny and Cozannet, Gonéri Le},
	month = feb,
	year = {2014},
	pages = {15--34},
}
@misc{maeslantkering,
	title = {The {Maeslantkering} storm surge barrier},
	url = {https://www.holland.com/global/tourism/destinations/provinces/south-holland/the-maeslantkering-storm-surge-barrier.htm},
	abstract = {With its doors that can be filled with water to become a flood barrier, the Maeslantkering is a remarkable example of hydraulic engineering.},
	language = {en},
	urldate = {2022-01-01},
	month = feb,
	year = {2013},
}
@misc{bathing_dateset,
	type = {Data},
	title = {Bathing {Water} {Directive} - {Status} of bathing water — {European} {Environment} {Agency}},
	copyright = {EEA standard re-use policy: unless otherwise indicated, re-use of content on the EEA website for commercial or non-commercial purposes is permitted free of charge, provided that the source is acknowledged (https://www.eea.europa.eu/legal/copyright). Copyright holder: Directorate-General for Environment (DG ENV), European Environment Agency (EEA).},
	url = {https://www.eea.europa.eu/data-and-maps/data/bathing-water-directive-status-of-bathing-water-13},
	abstract = {The EU Bathing Waters Directive requires Member States to identify popular bathing places in fresh and coastal waters and monitor them for indicators of microbiological pollution (and other substances) throughout the bathing season which runs from May to September},
	language = {en},
	urldate = {2022-01-01},
}
@misc{sentinel-2-product-specification,
	title = {Sentinel-2 Product Specification},
	url = {https://sentinel.esa.int/documents/247904/685211/Sentinel-2-Products-Specification-Document},
	language = {en},
	urldate = {2022-01-01},
}
@misc{sentinel-2-bands-combinations,
	title = {Sentinel-2 Bands Combinations},
	url = {https://gisgeography.com/sentinel-2-bands-combinations/},
	language = {en},
	urldate = {2022-01-01},
}
@misc{ndwi,
	title = {Normalized difference water index},
	url = {https://en.wikipedia.org/wiki/Normalized_difference_water_index},
	language = {en},
	urldate = {2022-01-01},
}


